@book{james2013introduction,
  title={An introduction to statistical learning},
  author={James, Gareth and Witten, Daniela and Hastie, Trevor and Tibshirani, Robert},
  volume={112},
  year={2013},
  publisher={Springer}
}

@book{tukey1977exploratory,
  title={Exploratory data analysis},
  author={Tukey, John W},
  volume={2},
  year={1977},
  publisher={Reading, MA}
}

@article{wang2017price,
  title={Price determinants of sharing economy based accommodation rental: A study of listings from 33 cities on Airbnb. com},
  author={Wang, Dan and Nicolau, Juan L},
  journal={International Journal of Hospitality Management},
  volume={62},
  pages={120--131},
  year={2017},
  publisher={Elsevier}
}

@misc{Airbnb,
  title = {{Inside Airbnb}},
  howpublished = "\url{http://insideairbnb.com/get-the-data.html}",
  year = {2019},
  note = "[Online; accessed 04-Dec-2019]"
}
@article{ye2009impact,
  title={The impact of online user reviews on hotel room sales},
  author={Ye, Qiang and Law, Rob and Gu, Bin},
  journal={International Journal of Hospitality Management},
  volume={28},
  number={1},
  pages={180--182},
  year={2009},
  publisher={Elsevier}
}

@article{rosen1974hedonic,
  title={Hedonic prices and implicit markets: product differentiation in pure competition},
  author={Rosen, Sherwin},
  journal={Journal of political economy},
  volume={82},
  number={1},
  pages={34--55},
  year={1974},
  publisher={The University of Chicago Press}
}

@book{graybill1976theory,
  title={Theory and application of the linear model},
  author={Graybill, Franklin A},
  volume={183},
  year={1976},
  publisher={Duxbury press North Scituate, MA}
}

@article{hoerl1970ridge,
  title={Ridge regression: Biased estimation for nonorthogonal problems},
  author={Hoerl, Arthur E and Kennard, Robert W},
  journal={Technometrics},
  volume={12},
  number={1},
  pages={55--67},
  year={1970},
  publisher={Taylor \& Francis Group}
}

@book{efron1994introduction,
  title={An introduction to the bootstrap},
  author={Efron, Bradley and Tibshirani, Robert J},
  year={1994},
  publisher={CRC press}
}

@book{hastie2015statistical,
  title={Statistical learning with sparsity: the lasso and generalizations},
  author={Hastie, Trevor and Tibshirani, Robert and Wainwright, Martin},
  year={2015},
  publisher={CRC press}
}

@article{tibshirani1996regression,
  title={Regression shrinkage and selection via the lasso},
  author={Tibshirani, Robert},
  journal={Journal of the Royal Statistical Society: Series B (Methodological)},
  volume={58},
  number={1},
  pages={267--288},
  year={1996},
  publisher={Wiley Online Library}
}

@book{harrell2015regression,
  title={Regression modeling strategies: with applications to linear models, logistic and ordinal regression, and survival analysis},
  author={Harrell Jr, Frank E},
  year={2015},
  publisher={Springer}
}

@book{grus2019data,
  title={Data science from scratch: first principles with python},
  author={Grus, Joel},
  year={2019},
  publisher={O'Reilly Media}
}

@book{kuhn2013applied,
  title={Applied predictive modeling},
  author={Kuhn, Max and Johnson, Kjell and others},
  volume={26},
  year={2013},
  publisher={Springer}
}
@mastersthesis{nielsen2016tree,
  title={Tree boosting with xgboost-why does xgboost win" every" machine learning competition?},
  author={Nielsen, Didrik},
  year={2016},
  school={NTNU}
}

@article{friedman2001greedy,
  title={Greedy function approximation: a gradient boosting machine},
  author={Friedman, Jerome H},
  journal={Annals of statistics},
  pages={1189--1232},
  year={2001},
  publisher={JSTOR}
}

@inproceedings{chen2016xgboost,
  title={Xgboost: A scalable tree boosting system},
  author={Chen, Tianqi and Guestrin, Carlos},
  booktitle={Proceedings of the 22nd acm sigkdd international conference on knowledge discovery and data mining},
  pages={785--794},
  year={2016}
}

@article{freund1997decision,
  title={A decision-theoretic generalization of on-line learning and an application to boosting},
  author={Freund, Yoav and Schapire, Robert E},
  journal={Journal of computer and system sciences},
  volume={55},
  number={1},
  pages={119--139},
  year={1997},
  publisher={Elsevier}
}

@article{ert2016trust,
  title={Trust and reputation in the sharing economy: The role of personal photos in Airbnb},
  author={Ert, Eyal and Fleischer, Aliza and Magen, Nathan},
  journal={Tourism management},
  volume={55},
  pages={62--73},
  year={2016},
  publisher={Elsevier}
}

@book{cohen2013applied,
  title={Applied multiple regression/correlation analysis for the behavioral sciences},
  author={Cohen, Jacob and Cohen, Patricia and West, Stephen G and Aiken, Leona S},
  year={2013},
  publisher={Routledge}
}

@book{kutner2005applied,
  title={Applied linear statistical models},
  author={Kutner, Michael H and Nachtsheim, Christopher J and Neter, John and Li, William and others},
  volume={5},
  year={2005},
  publisher={McGraw-Hill Irwin New York}
}

@misc{duckworth2018,
  title = {{How Does Airbnb Price Breakdown Work?}},
  author={Duckworth},
  year={2018},
  howpublished = "\url{https://bnbduck.com/how-does-airbnb-price-breakdown-work/}"
}

@misc{zaleski2018,
  title = {{Inside Airbnbâ€™s Battle to Stay Private}},
  author={Olivia Zaleski},
  year={2018},
  howpublished = "\url{https://www.bloomberg.com/news/articles/2018-02-06/inside-airbnb-s-battle-to-stay-private}"
}

@misc{craigsmith2020,
  title = {{105 Airbnb Statistics and Facts (2020) | By the Numbers}},
  howpublished =
  "\url{https://expandedramblings.com/index.php/airbnb-statistics/}",
  author={Craig Smith},
  year={2020}
}

@misc{airbnbfacts,
  title = {{Airbnb About Us}},
  author={Airbnb},
  year={2020},
  howpublished = "\url{https://news.airbnb.com/about-us/}"
}

@misc{airbnbstats2020,
  title = {{Airbnb Statistics}},
  year={2020},
  howpublished = "\url{ https://ipropertymanagement.com/research/airbnb-statistics }"
}

@article{monty2003hedonic,
  title={Hedonic pricing and willingness to pay for bed and breakfast amenities in Southeast Wisconsin},
  author={Monty, Ben and Skidmore, Mark},
  journal={Journal of Travel Research},
  volume={42},
  number={2},
  pages={195--199},
  year={2003},
  publisher={Sage Publications}
}

@article{portolan2013impact,
  title={Impact of the attributes of private tourist accommodation facilities onto prices: A hedonic price approach},
  author={Portolan, Ana},
  journal={European Journal of Tourism Research},
  volume={6},
  number={1},
  pages={74},
  year={2013},
  publisher={Varna University of Management}
}

@article{gutt2015sharing,
  title={Sharing means caring? Hosts' price reaction to rating visibility},
  author={Gutt, Dominik and Herrmann, Philipp},
  year={2015}
}

@inproceedings{ikkala2014defining,
  title={Defining the price of hospitality: networked hospitality exchange via Airbnb},
  author={Ikkala, Tapio and Lampinen, Airi},
  booktitle={Proceedings of the companion publication of the 17th ACM conference on Computer supported cooperative work \& social computing},
  pages={173--176},
  year={2014}
}

@article{li2016pros,
  title={Pros vs joes: Agent pricing behavior in the sharing economy},
  author={Li, Jun and Moreno, Antonio and Zhang, Dennis},
  journal={Ross School of Business Paper},
  number={1298},
  year={2016}
}

@article{kakar2016effects,
  title={Effects of host race information on Airbnb listing prices in San Francisco},
  author={Kakar, Venoo and Franco, Julisa and Voelz, Joel and Wu, Julia},
  year={2016}
}

@article{yang2016market,
  title={Market accessibility and hotel prices in the Caribbean: The moderating effect of quality-signaling factors},
  author={Yang, Yang and Mueller, Noah J and Croes, Robertico R},
  journal={Tourism Management},
  volume={56},
  pages={40--51},
  year={2016},
  publisher={Elsevier}
}

@article{cai2019price,
  title={Price determinants of Airbnb listings: evidence from Hong Kong},
  author={Cai, Yuan and Zhou, Yongbo and Scott, Noel and others},
  journal={Tourism Analysis},
  volume={24},
  number={2},
  pages={227--242},
  year={2019},
  publisher={Cognizant Communication Corporation}
}

@misc{tang2015neighborhood,
  title={Neighborhood and price prediction for San Francisco Airbnb listings},
  author={Tang, Emily and Sangani, Kunal},
  year={2015},
  publisher={Stanford Univ., Stanford, CA, USA, Tech. Rep}
}

@inproceedings{li2016reasonable,
  title={Reasonable price recommendation on Airbnb using Multi-Scale clustering},
  author={Li, Yang and Pan, Quan and Yang, Tao and Guo, Lantian},
  booktitle={2016 35th Chinese Control Conference (CCC)},
  pages={7038--7041},
  year={2016},
  organization={IEEE}
}

@article{kalehbasti2019airbnb,
  title={Airbnb price prediction using machine learning and sentiment analysis},
  author={Kalehbasti, Pouya Rezazadeh and Nikolenko, Liubov and Rezaei, Hoormazd},
  journal={arXiv preprint arXiv:1907.12665},
  year={2019}
}

@article{chen2017consumer,
  title={Consumer valuation of Airbnb listings: a hedonic pricing approach},
  author={Chen, Yong and Xie, Karen},
  journal={International journal of contemporary hospitality management},
  year={2017},
  publisher={Emerald Publishing Limited}
}

@article{gibbs2018use,
  title={Use of dynamic pricing strategies by Airbnb hosts},
  author={Gibbs, Chris and Guttentag, Daniel and Gretzel, Ulrike and Yao, Lan and Morton, Jym},
  journal={International Journal of Contemporary Hospitality Management},
  year={2018},
  publisher={Emerald Publishing Limited}
}

@article{zhang2017key,
  title={Key factors affecting the price of Airbnb listings: A geographically weighted approach},
  author={Zhang, Zhihua and Chen, Rachel JC and Han, Lee D and Yang, Lu},
  journal={Sustainability},
  volume={9},
  number={9},
  pages={1635},
  year={2017},
  publisher={Multidisciplinary Digital Publishing Institute}
}

@article{perez2018and,
  title={The what, where, and why of Airbnb price determinants},
  author={Perez-Sanchez, V Raul and Serrano-Estrada, Leticia and Marti, Pablo and Mora-Garcia, Raul-Tomas},
  journal={Sustainability},
  volume={10},
  number={12},
  pages={4596},
  year={2018},
  publisher={Multidisciplinary Digital Publishing Institute}
}

@article{benitez2018flexible,
  title={Why are flexible booking policies priced negatively?},
  author={Benitez-Aurioles, Beatriz},
  journal={Tourism Management},
  volume={67},
  pages={312--325},
  year={2018},
  publisher={Elsevier}
}

@book{shah2020hands,
  title={A Hands-On Introduction to Data Science},
  author={Shah, Chirag},
  year={2020},
  publisher={Cambridge University Press}
}
