@book{james2013introduction,
  title={An introduction to statistical learning},
  author={James, Gareth and Witten, Daniela and Hastie, Trevor and Tibshirani, Robert},
  volume={112},
  year={2013},
  publisher={Springer}
}

@book{tukey1977exploratory,
  title={Exploratory data analysis},
  author={Tukey, John W},
  volume={2},
  year={1977},
  publisher={Reading, MA}
}

@article{wang2017price,
  title={Price determinants of sharing economy based accommodation rental: A study of listings from 33 cities on Airbnb. com},
  author={Wang, Dan and Nicolau, Juan L},
  journal={International Journal of Hospitality Management},
  volume={62},
  pages={120--131},
  year={2017},
  publisher={Elsevier}
}

@misc{Airbnb,
  title = {{Inside Airbnb}},
  howpublished = "\url{http://insideairbnb.com/get-the-data.html}",
  year = {2019},
  note = "[Online; accessed 04-Dec-2019]"
}
@article{ye2009impact,
  title={The impact of online user reviews on hotel room sales},
  author={Ye, Qiang and Law, Rob and Gu, Bin},
  journal={International Journal of Hospitality Management},
  volume={28},
  number={1},
  pages={180--182},
  year={2009},
  publisher={Elsevier}
}

@article{rosen1974hedonic,
  title={Hedonic prices and implicit markets: product differentiation in pure competition},
  author={Rosen, Sherwin},
  journal={Journal of political economy},
  volume={82},
  number={1},
  pages={34--55},
  year={1974},
  publisher={The University of Chicago Press}
}

@book{graybill1976theory,
  title={Theory and application of the linear model},
  author={Graybill, Franklin A},
  volume={183},
  year={1976},
  publisher={Duxbury press North Scituate, MA}
}

@article{hoerl1970ridge,
  title={Ridge regression: Biased estimation for nonorthogonal problems},
  author={Hoerl, Arthur E and Kennard, Robert W},
  journal={Technometrics},
  volume={12},
  number={1},
  pages={55--67},
  year={1970},
  publisher={Taylor \& Francis Group}
}

@book{efron1994introduction,
  title={An introduction to the bootstrap},
  author={Efron, Bradley and Tibshirani, Robert J},
  year={1994},
  publisher={CRC press}
}

@book{hastie2015statistical,
  title={Statistical learning with sparsity: the lasso and generalizations},
  author={Hastie, Trevor and Tibshirani, Robert and Wainwright, Martin},
  year={2015},
  publisher={CRC press}
}

@article{tibshirani1996regression,
  title={Regression shrinkage and selection via the lasso},
  author={Tibshirani, Robert},
  journal={Journal of the Royal Statistical Society: Series B (Methodological)},
  volume={58},
  number={1},
  pages={267--288},
  year={1996},
  publisher={Wiley Online Library}
}

@book{harrell2015regression,
  title={Regression modeling strategies: with applications to linear models, logistic and ordinal regression, and survival analysis},
  author={Harrell Jr, Frank E},
  year={2015},
  publisher={Springer}
}

@book{grus2019data,
  title={Data science from scratch: first principles with python},
  author={Grus, Joel},
  year={2019},
  publisher={O'Reilly Media}
}

@book{kuhn2013applied,
  title={Applied predictive modeling},
  author={Kuhn, Max and Johnson, Kjell and others},
  volume={26},
  year={2013},
  publisher={Springer}
}
@mastersthesis{nielsen2016tree,
  title={Tree boosting with xgboost-why does xgboost win" every" machine learning competition?},
  author={Nielsen, Didrik},
  year={2016},
  school={NTNU}
}

@article{friedman2001greedy,
  title={Greedy function approximation: a gradient boosting machine},
  author={Friedman, Jerome H},
  journal={Annals of statistics},
  pages={1189--1232},
  year={2001},
  publisher={JSTOR}
}

@inproceedings{chen2016xgboost,
  title={Xgboost: A scalable tree boosting system},
  author={Chen, Tianqi and Guestrin, Carlos},
  booktitle={Proceedings of the 22nd acm sigkdd international conference on knowledge discovery and data mining},
  pages={785--794},
  year={2016}
}

@article{freund1997decision,
  title={A decision-theoretic generalization of on-line learning and an application to boosting},
  author={Freund, Yoav and Schapire, Robert E},
  journal={Journal of computer and system sciences},
  volume={55},
  number={1},
  pages={119--139},
  year={1997},
  publisher={Elsevier}
}
@article{friedman2001greedy,
  title={Greedy function approximation: a gradient boosting machine},
  author={Friedman, Jerome H},
  journal={Annals of statistics},
  pages={1189--1232},
  year={2001},
  publisher={JSTOR}
}
